@INPROCEEDINGS{Iglesias-pardo-lopez-quintero-2024,
  author={R, Oscar I. Iglesias and B, Carlos E. Pardo and López, José Oñate and M, Christian G. Quintero},
  booktitle={2024 IEEE Colombian Conference on Communications and Computing (COLCOM)},
  title={Designing a Movie Recommendation System Through a Transformer-Based Embeddings Space},
  year={2024},
  volume={},
  number={},
  pages={1-6},
  keywords={Dimensionality reduction;Visualization;Natural languages;Entertainment industry;Motion pictures;Transformers;Cognition;Artificial intelligence;Recommender systems;Recommendation;Movies;Artificial intelligence;Database;Transformers;Case based reasoning},
  doi={10.1109/COLCOM62950.2024.10720246}
}
